@article{kay2001logical,
  title={From logical neurons to poetic embodiments of mind: Warren S. McCulloch’s project in neuroscience},
  author={Kay, Lily E},
  journal={Science in Context},
  volume={14},
  number={4},
  pages={591--614},
  year={2001},
  publisher={Cambridge University Press}
}

@book{whitehead1912principia,
  title={Principia mathematica},
  author={Whitehead, Alfred North and Russell, Bertrand},
  year={1912},
  publisher={University Press}
}

@misc{dennis2019minsky,
  title={Marvin Minsky},
  note={\url{https://www.britannica.com/biography/Marvin-Lee-Minsky}},
  journal={Encyclopædia Britannica},
  publisher={Encyclopædia Britannica, inc.},
  author={Dennis, Michael Aaron},
  year={2019},
  month={Aug}
}

@techreport{rumelhart1985learning,
  title={Learning internal representations by error propagation},
  author={Rumelhart, David E and Hinton, Geoffrey E and Williams, Ronald J},
  year={1985},
  institution={California Univ San Diego La Jolla Inst for Cognitive Science}
}

@incollection{werbos1982applications,
  title={Applications of advances in nonlinear sensitivity analysis},
  author={Werbos, Paul J},
  booktitle={System modeling and optimization},
  pages={762--770},
  year={1982},
  publisher={Springer}
}

@inproceedings{lowe1999object,
  title={Object recognition from local scale-invariant features.},
  author={Lowe, David G and others},
  booktitle={iccv},
  volume={99},
  number={2},
  pages={1150--1157},
  year={1999}
}
